<?xml version="1.0" encoding="UTF-8"?>
  <record xmlns="http://www.loc.gov/MARC21/slim" type="Authority">
    <leader>00000nz  a2200000nc 4500</leader>
    <controlfield tag="001">118616382</controlfield>
    <controlfield tag="003">DE-101</controlfield>
    <controlfield tag="005">20200911114706.0</controlfield>
    <controlfield tag="008">880701n||azznnaabn           | aaa    |c</controlfield>
    <datafield tag="024" ind1="7" ind2=" ">
      <subfield code="a">118616382</subfield>
      <subfield code="0">http://d-nb.info/gnd/118616382</subfield>
      <subfield code="2">gnd</subfield>
    </datafield>
    <datafield tag="035" ind1=" " ind2=" ">
      <subfield code="a">(DE-101)118616382</subfield>
    </datafield>
    <datafield tag="035" ind1=" " ind2=" ">
      <subfield code="a">(DE-588)118616382</subfield>
    </datafield>
    <datafield tag="035" ind1=" " ind2=" ">
      <subfield code="z">(DE-588a)118616382</subfield>
      <subfield code="9">v:zg</subfield>
    </datafield>
    <datafield tag="035" ind1=" " ind2=" ">
      <subfield code="z">(DE-588c)4056358-3</subfield>
      <subfield code="9">v:zg</subfield>
    </datafield>
    <datafield tag="040" ind1=" " ind2=" ">
      <subfield code="a">DE-101</subfield>
      <subfield code="c">DE-101</subfield>
      <subfield code="9">r:DE-101</subfield>
      <subfield code="b">ger</subfield>
      <subfield code="d">0003</subfield>
    </datafield>
    <datafield tag="042" ind1=" " ind2=" ">
      <subfield code="a">gnd1</subfield>
    </datafield>
    <datafield tag="043" ind1=" " ind2=" ">
      <subfield code="c">XA-DE</subfield>
    </datafield>
    <datafield tag="065" ind1=" " ind2=" ">
      <subfield code="a">16.5p</subfield>
      <subfield code="2">sswd</subfield>
    </datafield>
    <datafield tag="065" ind1=" " ind2=" ">
      <subfield code="a">12.2p</subfield>
      <subfield code="2">sswd</subfield>
    </datafield>
    <datafield tag="075" ind1=" " ind2=" ">
      <subfield code="b">p</subfield>
      <subfield code="2">gndgen</subfield>
    </datafield>
    <datafield tag="075" ind1=" " ind2=" ">
      <subfield code="b">piz</subfield>
      <subfield code="2">gndspec</subfield>
    </datafield>
    <datafield tag="079" ind1=" " ind2=" ">
      <subfield code="a">g</subfield>
      <subfield code="q">a</subfield>
      <subfield code="q">f</subfield>
      <subfield code="q">s</subfield>
      <subfield code="u">v</subfield>
      <subfield code="u">o</subfield>
    </datafield>
    <datafield tag="100" ind1="1" ind2=" ">
      <subfield code="a">Sporck, Franz Anton &#152;von&#156;</subfield>
      <subfield code="d">1662-1738</subfield>
    </datafield>
    <datafield tag="375" ind1=" " ind2=" ">
      <subfield code="a">1</subfield>
      <subfield code="2">iso5218</subfield>
    </datafield>
    <datafield tag="400" ind1="1" ind2=" ">
      <subfield code="a">Sporck, Franz A. &#152;von&#156;</subfield>
      <subfield code="d">1662-1738</subfield>
    </datafield>
    <datafield tag="400" ind1="1" ind2=" ">
      <subfield code="a">Sporck, Frantz A. &#152;von&#156;</subfield>
      <subfield code="d">1662-1738</subfield>
    </datafield>
    <datafield tag="400" ind1="0" ind2=" ">
      <subfield code="a">Franz Anton</subfield>
      <subfield code="c">Böhmen, Statthalter</subfield>
      <subfield code="d">1662-1738</subfield>
    </datafield>
    <datafield tag="400" ind1="1" ind2=" ">
      <subfield code="a">Sporck, Franciscus Antonius &#152;de&#156;</subfield>
      <subfield code="d">1662-1738</subfield>
    </datafield>
    <datafield tag="400" ind1="1" ind2=" ">
      <subfield code="a">Sporck, Franciscus Antonius &#152;von&#156;</subfield>
      <subfield code="d">1662-1738</subfield>
    </datafield>
    <datafield tag="400" ind1="1" ind2=" ">
      <subfield code="a">Spork, Franz Anton &#152;von&#156;</subfield>
      <subfield code="d">1662-1738</subfield>
    </datafield>
    <datafield tag="400" ind1="1" ind2=" ">
      <subfield code="a">Špork, František Antonín</subfield>
      <subfield code="d">1662-1738</subfield>
    </datafield>
    <datafield tag="400" ind1="1" ind2=" ">
      <subfield code="a">Špork, František A.</subfield>
      <subfield code="d">1662-1738</subfield>
    </datafield>
    <datafield tag="400" ind1="1" ind2=" ">
      <subfield code="a">Špork, F. A.</subfield>
      <subfield code="d">1662-1738</subfield>
    </datafield>
    <datafield tag="400" ind1="0" ind2=" ">
      <subfield code="a">František Antonín Hrabě Špork</subfield>
      <subfield code="d">1662-1738</subfield>
    </datafield>
    <datafield tag="400" ind1="1" ind2=" ">
      <subfield code="a">Sporck, Frantz Antonius</subfield>
      <subfield code="d">1662-1738</subfield>
    </datafield>
    <datafield tag="400" ind1="1" ind2=" ">
      <subfield code="a">Sporck, François Antoin &#152;de&#156;</subfield>
      <subfield code="d">1662-1738</subfield>
    </datafield>
    <datafield tag="400" ind1="1" ind2=" ">
      <subfield code="a">Spörken, Franz Anton &#152;von&#156;</subfield>
      <subfield code="d">1662-1738</subfield>
    </datafield>
    <datafield tag="400" ind1="1" ind2=" ">
      <subfield code="a">Sporck, Franz Anton</subfield>
      <subfield code="c">Graf von, Kunstmäzen</subfield>
      <subfield code="d">1662-1738</subfield>
    </datafield>
    <datafield tag="400" ind1="1" ind2=" ">
      <subfield code="9">L:fre</subfield>
      <subfield code="a">Sporck, Franz Anton</subfield>
      <subfield code="c">Comte de, Mécène des arts</subfield>
      <subfield code="d">1662-1738</subfield>
      <subfield code="5">CH-GND</subfield>
    </datafield>
    <datafield tag="400" ind1="1" ind2=" ">
      <subfield code="9">L:eng</subfield>
      <subfield code="a">Sporck, Franz Anton</subfield>
      <subfield code="c">Count of, Patron of the arts</subfield>
      <subfield code="d">1662-1738</subfield>
      <subfield code="5">CH-GND</subfield>
    </datafield>
    <datafield tag="400" ind1="1" ind2=" ">
      <subfield code="a">Špork, František Antonín</subfield>
      <subfield code="c">Hrabě, Kunstmäzen</subfield>
      <subfield code="d">1662-1738</subfield>
    </datafield>
    <datafield tag="400" ind1="1" ind2=" ">
      <subfield code="a">Špork, František Antonín</subfield>
      <subfield code="c">Hrabě, Mécène des arts</subfield>
      <subfield code="d">1662-1738</subfield>
    </datafield>
    <datafield tag="400" ind1="1" ind2=" ">
      <subfield code="a">Špork, František Antonín</subfield>
      <subfield code="c">Hrabě, Patron of the arts</subfield>
      <subfield code="d">1662-1738</subfield>
    </datafield>
    <datafield tag="400" ind1="1" ind2=" ">
      <subfield code="a">Sporck, Franz A. &#152;von&#156;</subfield>
      <subfield code="c">Graf von, Kunstmäzen</subfield>
      <subfield code="d">1662-1738</subfield>
    </datafield>
    <datafield tag="400" ind1="1" ind2=" ">
      <subfield code="a">Sporck, Franz A. &#152;von&#156;</subfield>
      <subfield code="c">Comte de, Mécène des arts</subfield>
      <subfield code="d">1662-1738</subfield>
    </datafield>
    <datafield tag="400" ind1="1" ind2=" ">
      <subfield code="a">Sporck, Franz A. &#152;von&#156;</subfield>
      <subfield code="c">Count of, Patron of the arts</subfield>
      <subfield code="d">1662-1738</subfield>
    </datafield>
    <datafield tag="400" ind1="1" ind2=" ">
      <subfield code="a">Spork, Franz A. &#152;von&#156;</subfield>
      <subfield code="c">Graf von, Kunstmäzen</subfield>
      <subfield code="d">1662-1738</subfield>
    </datafield>
    <datafield tag="400" ind1="1" ind2=" ">
      <subfield code="a">Spork, Franz A. &#152;von&#156;</subfield>
      <subfield code="c">Comte de, Mécène des arts</subfield>
      <subfield code="d">1662-1738</subfield>
    </datafield>
    <datafield tag="400" ind1="1" ind2=" ">
      <subfield code="a">Spork, Franz A. &#152;von&#156;</subfield>
      <subfield code="c">Count of, Patron of the arts</subfield>
      <subfield code="d">1662-1738</subfield>
    </datafield>
    <datafield tag="400" ind1="1" ind2=" ">
      <subfield code="a">Sporck, Frantz A. &#152;von&#156;</subfield>
      <subfield code="c">Graf von, Kunstmäzen</subfield>
      <subfield code="d">1662-1738</subfield>
    </datafield>
    <datafield tag="400" ind1="1" ind2=" ">
      <subfield code="a">Sporck, Frantz A. &#152;von&#156;</subfield>
      <subfield code="c">Comte de, Mécène des arts</subfield>
      <subfield code="d">1662-1738</subfield>
    </datafield>
    <datafield tag="400" ind1="1" ind2=" ">
      <subfield code="a">Sporck, Frantz A. &#152;von&#156;</subfield>
      <subfield code="c">Count of, Patron of the arts</subfield>
      <subfield code="d">1662-1738</subfield>
    </datafield>
    <datafield tag="400" ind1="1" ind2=" ">
      <subfield code="a">Sporck, Franciscus Antonius &#152;de&#156;</subfield>
      <subfield code="c">Graf, Kunstmäzen</subfield>
      <subfield code="d">1662-1738</subfield>
    </datafield>
    <datafield tag="400" ind1="1" ind2=" ">
      <subfield code="a">Sporck, Franciscus Antonius &#152;de&#156;</subfield>
      <subfield code="c">Comte, Mécène des arts</subfield>
      <subfield code="d">1662-1738</subfield>
    </datafield>
    <datafield tag="400" ind1="1" ind2=" ">
      <subfield code="a">Sporck, Franciscus Antonius &#152;de&#156;</subfield>
      <subfield code="c">Count, Patron of the arts</subfield>
      <subfield code="d">1662-1738</subfield>
    </datafield>
    <datafield tag="400" ind1="1" ind2=" ">
      <subfield code="a">Sporck, Franciscus Antonius &#152;von&#156;</subfield>
      <subfield code="c">Graf, Kunstmäzen</subfield>
      <subfield code="d">1662-1738</subfield>
    </datafield>
    <datafield tag="400" ind1="1" ind2=" ">
      <subfield code="a">Sporck, Franciscus Antonius &#152;von&#156;</subfield>
      <subfield code="c">Comte, Mécène des arts</subfield>
      <subfield code="d">1662-1738</subfield>
    </datafield>
    <datafield tag="400" ind1="1" ind2=" ">
      <subfield code="a">Sporck, Franciscus Antonius &#152;von&#156;</subfield>
      <subfield code="c">Count, Patron of the arts</subfield>
      <subfield code="d">1662-1738</subfield>
    </datafield>
    <datafield tag="400" ind1="1" ind2=" ">
      <subfield code="a">Spork, Franz Anton &#152;von&#156;</subfield>
      <subfield code="c">Graf, Kunstmäzen</subfield>
      <subfield code="d">1662-1738</subfield>
    </datafield>
    <datafield tag="400" ind1="1" ind2=" ">
      <subfield code="a">Spork, Franz Anton &#152;von&#156;</subfield>
      <subfield code="c">Comte, Mécène des arts</subfield>
      <subfield code="d">1662-1738</subfield>
    </datafield>
    <datafield tag="400" ind1="1" ind2=" ">
      <subfield code="a">Spork, Franz Anton &#152;von&#156;</subfield>
      <subfield code="c">Count, Patron of the arts</subfield>
      <subfield code="d">1662-1738</subfield>
    </datafield>
    <datafield tag="400" ind1="0" ind2=" ">
      <subfield code="a">František Antonín Hrabě Špork</subfield>
      <subfield code="c">Graf, Kunstmäzen</subfield>
      <subfield code="d">1662-1738</subfield>
    </datafield>
    <datafield tag="400" ind1="0" ind2=" ">
      <subfield code="a">František Antonín Hrabě Špork</subfield>
      <subfield code="c">Count, Mécène des arts</subfield>
      <subfield code="d">1662-1738</subfield>
    </datafield>
    <datafield tag="400" ind1="0" ind2=" ">
      <subfield code="a">František Antonín Hrabě Špork</subfield>
      <subfield code="c">Comte, Patron of the arts</subfield>
      <subfield code="d">1662-1738</subfield>
    </datafield>
    <datafield tag="400" ind1="1" ind2=" ">
      <subfield code="a">Spork, François Antoine</subfield>
      <subfield code="c">Graf, Kunstmäzen</subfield>
      <subfield code="d">1662-1738</subfield>
    </datafield>
    <datafield tag="400" ind1="1" ind2=" ">
      <subfield code="a">Spork, François Antoine</subfield>
      <subfield code="c">Comte, Mécène des arts</subfield>
      <subfield code="d">1662-1738</subfield>
    </datafield>
    <datafield tag="400" ind1="1" ind2=" ">
      <subfield code="a">Spork, François Antoine</subfield>
      <subfield code="c">Count, Patron of the arts</subfield>
      <subfield code="d">1662-1738</subfield>
    </datafield>
    <datafield tag="400" ind1="1" ind2=" ">
      <subfield code="a">Spoerken, François Antoine</subfield>
      <subfield code="c">Graf, Kunstmäzen</subfield>
      <subfield code="d">1662-1738</subfield>
    </datafield>
    <datafield tag="400" ind1="1" ind2=" ">
      <subfield code="a">Spoerken, François Antoine</subfield>
      <subfield code="c">Comte, Mécène des arts</subfield>
      <subfield code="d">1662-1738</subfield>
    </datafield>
    <datafield tag="400" ind1="1" ind2=" ">
      <subfield code="a">Spoerken, François Antoine</subfield>
      <subfield code="c">Count, Patron of the arts</subfield>
      <subfield code="d">1662-1738</subfield>
    </datafield>
    <datafield tag="400" ind1="1" ind2=" ">
      <subfield code="a">Von Sporck, Franz Anton</subfield>
      <subfield code="c">Graf, Kunstmäzen</subfield>
      <subfield code="d">1662-1738</subfield>
    </datafield>
    <datafield tag="400" ind1="1" ind2=" ">
      <subfield code="a">Von Sporck, Franz Anton</subfield>
      <subfield code="c">Comte, Mécène des arts</subfield>
      <subfield code="d">1662-1738</subfield>
    </datafield>
    <datafield tag="400" ind1="1" ind2=" ">
      <subfield code="a">Von Sporck, Franz Anton</subfield>
      <subfield code="c">Count, Patron of the arts</subfield>
      <subfield code="d">1662-1738</subfield>
    </datafield>
    <datafield tag="400" ind1="0" ind2=" ">
      <subfield code="a">F. A. G. v. S.</subfield>
      <subfield code="d">1662-1738</subfield>
    </datafield>
    <datafield tag="400" ind1="0" ind2=" ">
      <subfield code="a">FAGVS</subfield>
      <subfield code="d">1662-1738</subfield>
    </datafield>
    <datafield tag="400" ind1="1" ind2=" ">
      <subfield code="a">Sporckius, Franciscus Antonius</subfield>
      <subfield code="d">1662-1738</subfield>
    </datafield>
    <datafield tag="400" ind1="1" ind2=" ">
      <subfield code="a">Sporck, Frantz Anton &#152;von&#156;</subfield>
      <subfield code="d">1662-1738</subfield>
    </datafield>
    <datafield tag="548" ind1=" " ind2=" ">
      <subfield code="a">09.03.1662-30.03.1738</subfield>
      <subfield code="4">datx</subfield>
      <subfield code="4">https://d-nb.info/standards/elementset/gnd#dateOfBirthAndDeath</subfield>
      <subfield code="w">r</subfield>
      <subfield code="i">Exakte Lebensdaten</subfield>
    </datafield>
    <datafield tag="548" ind1=" " ind2=" ">
      <subfield code="a">1662-1738</subfield>
      <subfield code="4">datl</subfield>
      <subfield code="4">https://d-nb.info/standards/elementset/gnd#dateOfBirthAndDeath</subfield>
      <subfield code="w">r</subfield>
      <subfield code="i">Lebensdaten</subfield>
    </datafield>
    <datafield tag="550" ind1=" " ind2=" ">
      <subfield code="0">(DE-101)042859077</subfield>
      <subfield code="0">(DE-588)4285907-4</subfield>
      <subfield code="0">https://d-nb.info/gnd/4285907-4</subfield>
      <subfield code="a">Landgraf</subfield>
      <subfield code="4">adel</subfield>
      <subfield code="4">https://d-nb.info/standards/elementset/gnd#titleOfNobility</subfield>
      <subfield code="w">r</subfield>
      <subfield code="i">Adelstitel</subfield>
    </datafield>
    <datafield tag="550" ind1=" " ind2=" ">
      <subfield code="0">(DE-101)040533093</subfield>
      <subfield code="0">(DE-588)4053309-8</subfield>
      <subfield code="0">https://d-nb.info/gnd/4053309-8</subfield>
      <subfield code="a">Schriftsteller</subfield>
      <subfield code="4">berc</subfield>
      <subfield code="4">https://d-nb.info/standards/elementset/gnd#professionOrOccupation</subfield>
      <subfield code="w">r</subfield>
      <subfield code="i">Charakteristischer Beruf</subfield>
    </datafield>
    <datafield tag="550" ind1=" " ind2=" ">
      <subfield code="0">(DE-101)040465179</subfield>
      <subfield code="0">(DE-588)4046517-2</subfield>
      <subfield code="0">https://d-nb.info/gnd/4046517-2</subfield>
      <subfield code="a">Politiker</subfield>
      <subfield code="4">beru</subfield>
      <subfield code="4">https://d-nb.info/standards/elementset/gnd#professionOrOccupation</subfield>
      <subfield code="w">r</subfield>
      <subfield code="i">Beruf</subfield>
    </datafield>
    <datafield tag="550" ind1=" " ind2=" ">
      <subfield code="0">(DE-101)041629876</subfield>
      <subfield code="0">(DE-588)4162987-5</subfield>
      <subfield code="0">https://d-nb.info/gnd/4162987-5</subfield>
      <subfield code="a">Kämmerer</subfield>
      <subfield code="4">beru</subfield>
      <subfield code="4">https://d-nb.info/standards/elementset/gnd#professionOrOccupation</subfield>
      <subfield code="w">r</subfield>
      <subfield code="i">Beruf</subfield>
    </datafield>
    <datafield tag="550" ind1=" " ind2=" ">
      <subfield code="0">(DE-101)041563123</subfield>
      <subfield code="0">(DE-588)4156312-8</subfield>
      <subfield code="0">https://d-nb.info/gnd/4156312-8</subfield>
      <subfield code="a">Geheimer Rat</subfield>
      <subfield code="4">beru</subfield>
      <subfield code="4">https://d-nb.info/standards/elementset/gnd#professionOrOccupation</subfield>
      <subfield code="w">r</subfield>
      <subfield code="i">Beruf</subfield>
    </datafield>
    <datafield tag="550" ind1=" " ind2=" ">
      <subfield code="0">(DE-101)04057007X</subfield>
      <subfield code="0">(DE-588)4057007-1</subfield>
      <subfield code="0">https://d-nb.info/gnd/4057007-1</subfield>
      <subfield code="a">Statthalter</subfield>
      <subfield code="4">beru</subfield>
      <subfield code="4">https://d-nb.info/standards/elementset/gnd#professionOrOccupation</subfield>
      <subfield code="w">r</subfield>
      <subfield code="i">Beruf</subfield>
    </datafield>
    <datafield tag="550" ind1=" " ind2=" ">
      <subfield code="0">(DE-101)988222590</subfield>
      <subfield code="0">(DE-588)7607862-0</subfield>
      <subfield code="0">https://d-nb.info/gnd/7607862-0</subfield>
      <subfield code="a">Mäzen</subfield>
      <subfield code="4">beru</subfield>
      <subfield code="4">https://d-nb.info/standards/elementset/gnd#professionOrOccupation</subfield>
      <subfield code="w">r</subfield>
      <subfield code="i">Beruf</subfield>
    </datafield>
    <datafield tag="551" ind1=" " ind2=" ">
      <subfield code="0">(DE-101)959347704</subfield>
      <subfield code="0">(DE-588)4596269-8</subfield>
      <subfield code="0">https://d-nb.info/gnd/4596269-8</subfield>
      <subfield code="a">Lysá</subfield>
      <subfield code="4">orts</subfield>
      <subfield code="4">https://d-nb.info/standards/elementset/gnd#placeOfDeath</subfield>
      <subfield code="w">r</subfield>
      <subfield code="i">Sterbeort</subfield>
    </datafield>
    <datafield tag="551" ind1=" " ind2=" ">
      <subfield code="a">Herzmanomiestecz</subfield>
      <subfield code="4">ortw</subfield>
      <subfield code="4">https://d-nb.info/standards/elementset/gnd#placeOfActivity</subfield>
      <subfield code="w">r</subfield>
      <subfield code="i">Wirkungsort</subfield>
    </datafield>
    <datafield tag="667" ind1=" " ind2=" ">
      <subfield code="a">12</subfield>
    </datafield>
    <datafield tag="667" ind1=" " ind2=" ">
      <subfield code="a">VD-17</subfield>
    </datafield>
    <datafield tag="667" ind1=" " ind2=" ">
      <subfield code="a">SWB</subfield>
    </datafield>
    <datafield tag="667" ind1=" " ind2=" ">
      <subfield code="a">3</subfield>
    </datafield>
    <datafield tag="667" ind1=" " ind2=" ">
      <subfield code="a">VD-18</subfield>
    </datafield>
    <datafield tag="667" ind1=" " ind2=" ">
      <subfield code="a">unbearbeiteter PND-Grundbestand, 2. abgekürzter Vorname</subfield>
    </datafield>
    <datafield tag="670" ind1=" " ind2=" ">
      <subfield code="a">LoC-NA; ADB; WBIS, DbA, I 1204,246-253;1205,162-231;II 1244,6-11,31-66;III 869,104-105</subfield>
    </datafield>
    <datafield tag="672" ind1=" " ind2="0">
      <subfield code="a">Sporck, Franz A. von: Widerlegung der Atheisten, Deisten und neuen Zweifler. - 1712</subfield>
    </datafield>
    <datafield tag="678" ind1=" " ind2=" ">
      <subfield code="b">Kaiserlicher Kammerherr; Statthalter von Böhmen</subfield>
    </datafield>
    <datafield tag="913" ind1=" " ind2=" ">
      <subfield code="S">pnd</subfield>
      <subfield code="i">a</subfield>
      <subfield code="a">Sporck, Franz Anton /von</subfield>
      <subfield code="0">(DE-588a)118616382</subfield>
    </datafield>
  </record>
